@book{mattingly,
author = {Mattingly, J.D.},
file = {:C$\backslash$:/Users/Eva Mar{\'{i}}a/Documents/MUEA/Sistemes de propulsi{\'{o}} d'aeronaus/ELEMENTS OF GAS TURBINE PROPULTION2.pdf:pdf},
isbn = {0070606285},
title = {{Elements of gas turbine performance}},
year = {1996}
}
